@book{MATLAB,
year = {2015},
author = {MATLAB and Statistics Toolbox Release 2015a},
title = {version 8.5.0 (R2015a)},
publisher = {The MathWorks Inc.},
address = {Natick, Massachusetts}
}

@manual{MavrisNotes,
		  AUTHOR = "D. Mavris",
		  TITLE = "{Fixed Wing Aircraft Design I}",
		  organization = "{Lecture Notes, Georgia Institute of Technology}",
		  YEAR = 2015
		  }

@book{NicolaiText,
 author = {L. M. Nicolai},
 title = {Fundamentals of Aircraft Design},
 year = {1975},
 isbn = {},
 edition = {1st},
 publisher = {E. P. Domicone Printing Services},
 address = {Fairborn, OH},
} 

@book{FieldingText,
 author = {J. P. Fielding},
 title = {Introduction to Aircraft Design},
 year = {1999},
 isbn = {0521443199},
 edition = {1st},
 publisher = {Cambridge University Press},
 address = {New York, NY},
} 

@book{HoweText,
 author = {D. Howe},
 title = {Aircraft conceptual design synthesis},
 year = {2000},
 isbn = {1860583016},
 edition = {1st},
 publisher = {Professional Engineering Publishing},
 address = {London},
} 

@book{RaymerText,
 author = {D. P. Raymer},
 title = {Aircraft Design: A Conceptual Approach},
 year = {1999},
 isbn = {1563472813},
 edition = {3rd},
 publisher = {American Institute of Aeronautics and Astronautics},
 address = {Reston, VA},
} 

@misc{Raymer2004,
		  author      = "D. P. Raymer",
  		  TITLE        = "{Modern Use of Spreadsheet Methods for Aircraft Design, Sizing, and Performance Analysis}",
          howpublished  = "AIAA Paper, 2004-0534",
		  year        ="2004"
		  }
